%YAML 1.1
%TAG !u! tag:unity3d.com,2011:
--- !u!1 &4688084747628023218
GameObject:
  m_ObjectHideFlags: 0
  m_CorrespondingSourceObject: {fileID: 0}
  m_PrefabInstance: {fileID: 0}
  m_PrefabAsset: {fileID: 0}
  serializedVersion: 6
  m_Component:
  - component: {fileID: 1349320922200848163}
  m_Layer: 0
  m_Name: Missoes
  m_TagString: Untagged
  m_Icon: {fileID: 0}
  m_NavMeshLayer: 0
  m_StaticEditorFlags: 0
  m_IsActive: 1
--- !u!4 &1349320922200848163
Transform:
  m_ObjectHideFlags: 0
  m_CorrespondingSourceObject: {fileID: 0}
  m_PrefabInstance: {fileID: 0}
  m_PrefabAsset: {fileID: 0}
  m_GameObject: {fileID: 4688084747628023218}
  m_LocalRotation: {x: -0, y: -0, z: -0, w: 1}
  m_LocalPosition: {x: 0, y: 0, z: 0}
  m_LocalScale: {x: 1, y: 1, z: 1}
  m_Children:
  - {fileID: 8355012100686142118}
  m_Father: {fileID: 0}
  m_RootOrder: 0
  m_LocalEulerAnglesHint: {x: 0, y: 0, z: 0}
--- !u!1 &8355012100686142117
GameObject:
  m_ObjectHideFlags: 0
  m_CorrespondingSourceObject: {fileID: 0}
  m_PrefabInstance: {fileID: 0}
  m_PrefabAsset: {fileID: 0}
  serializedVersion: 6
  m_Component:
  - component: {fileID: 8355012100686142118}
  m_Layer: 0
  m_Name: 0-WalkieTalkie
  m_TagString: Untagged
  m_Icon: {fileID: 0}
  m_NavMeshLayer: 0
  m_StaticEditorFlags: 0
  m_IsActive: 1
--- !u!4 &8355012100686142118
Transform:
  m_ObjectHideFlags: 0
  m_CorrespondingSourceObject: {fileID: 0}
  m_PrefabInstance: {fileID: 0}
  m_PrefabAsset: {fileID: 0}
  m_GameObject: {fileID: 8355012100686142117}
  m_LocalRotation: {x: -0, y: -0, z: -0, w: 1}
  m_LocalPosition: {x: 0, y: 0, z: 0}
  m_LocalScale: {x: 1, y: 1, z: 1}
  m_Children:
  - {fileID: 8355012102044450197}
  - {fileID: 8355012101817533847}
  - {fileID: 3808168443897229636}
  m_Father: {fileID: 1349320922200848163}
  m_RootOrder: 0
  m_LocalEulerAnglesHint: {x: 0, y: 0, z: 0}
--- !u!1001 &1382944544328655100
PrefabInstance:
  m_ObjectHideFlags: 0
  serializedVersion: 2
  m_Modification:
    m_TransformParent: {fileID: 8355012100686142118}
    m_Modifications:
    - target: {fileID: 3770645949531732169, guid: 20b5821f907bcd6448bae21ad13155fc,
        type: 3}
      propertyPath: m_Name
      value: PolicialMorto
      objectReference: {fileID: 0}
    - target: {fileID: 6972631606954206571, guid: 20b5821f907bcd6448bae21ad13155fc,
        type: 3}
      propertyPath: m_LocalPosition.x
      value: 3.78
      objectReference: {fileID: 0}
    - target: {fileID: 6972631606954206571, guid: 20b5821f907bcd6448bae21ad13155fc,
        type: 3}
      propertyPath: m_LocalPosition.y
      value: 0.25
      objectReference: {fileID: 0}
    - target: {fileID: 6972631606954206571, guid: 20b5821f907bcd6448bae21ad13155fc,
        type: 3}
      propertyPath: m_LocalPosition.z
      value: -2.54
      objectReference: {fileID: 0}
    - target: {fileID: 6972631606954206571, guid: 20b5821f907bcd6448bae21ad13155fc,
        type: 3}
      propertyPath: m_LocalRotation.x
      value: -0.55507135
      objectReference: {fileID: 0}
    - target: {fileID: 6972631606954206571, guid: 20b5821f907bcd6448bae21ad13155fc,
        type: 3}
      propertyPath: m_LocalRotation.y
      value: 0.32771912
      objectReference: {fileID: 0}
    - target: {fileID: 6972631606954206571, guid: 20b5821f907bcd6448bae21ad13155fc,
        type: 3}
      propertyPath: m_LocalRotation.z
      value: 0.39435694
      objectReference: {fileID: 0}
    - target: {fileID: 6972631606954206571, guid: 20b5821f907bcd6448bae21ad13155fc,
        type: 3}
      propertyPath: m_LocalRotation.w
      value: 0.6549646
      objectReference: {fileID: 0}
    - target: {fileID: 6972631606954206571, guid: 20b5821f907bcd6448bae21ad13155fc,
        type: 3}
      propertyPath: m_RootOrder
      value: 1
      objectReference: {fileID: 0}
    - target: {fileID: 6972631606954206571, guid: 20b5821f907bcd6448bae21ad13155fc,
        type: 3}
      propertyPath: m_LocalEulerAnglesHint.x
      value: -80.258
      objectReference: {fileID: 0}
    - target: {fileID: 6972631606954206571, guid: 20b5821f907bcd6448bae21ad13155fc,
        type: 3}
      propertyPath: m_LocalEulerAnglesHint.y
      value: -2.881
      objectReference: {fileID: 0}
    - target: {fileID: 6972631606954206571, guid: 20b5821f907bcd6448bae21ad13155fc,
        type: 3}
      propertyPath: m_LocalEulerAnglesHint.z
      value: 64.533005
      objectReference: {fileID: 0}
    m_RemovedComponents: []
  m_SourcePrefab: {fileID: 100100000, guid: 20b5821f907bcd6448bae21ad13155fc, type: 3}
--- !u!4 &8355012101817533847 stripped
Transform:
  m_CorrespondingSourceObject: {fileID: 6972631606954206571, guid: 20b5821f907bcd6448bae21ad13155fc,
    type: 3}
  m_PrefabInstance: {fileID: 1382944544328655100}
  m_PrefabAsset: {fileID: 0}
--- !u!1001 &4141535032944525910
PrefabInstance:
  m_ObjectHideFlags: 0
  serializedVersion: 2
  m_Modification:
    m_TransformParent: {fileID: 8355012100686142118}
    m_Modifications:
    - target: {fileID: 6378938753606693759, guid: 698b0529f83fbe348b075d7b63c7b565,
        type: 3}
      propertyPath: m_Name
      value: WalkieTalkie
      objectReference: {fileID: 0}
    - target: {fileID: 5371465140838105027, guid: 698b0529f83fbe348b075d7b63c7b565,
        type: 3}
      propertyPath: m_LocalPosition.x
      value: 2.759
      objectReference: {fileID: 0}
    - target: {fileID: 5371465140838105027, guid: 698b0529f83fbe348b075d7b63c7b565,
        type: 3}
      propertyPath: m_LocalPosition.y
      value: 0.663
      objectReference: {fileID: 0}
    - target: {fileID: 5371465140838105027, guid: 698b0529f83fbe348b075d7b63c7b565,
        type: 3}
      propertyPath: m_LocalPosition.z
      value: -2.172
      objectReference: {fileID: 0}
    - target: {fileID: 5371465140838105027, guid: 698b0529f83fbe348b075d7b63c7b565,
        type: 3}
      propertyPath: m_LocalRotation.x
      value: -0
      objectReference: {fileID: 0}
    - target: {fileID: 5371465140838105027, guid: 698b0529f83fbe348b075d7b63c7b565,
        type: 3}
      propertyPath: m_LocalRotation.y
      value: -0
      objectReference: {fileID: 0}
    - target: {fileID: 5371465140838105027, guid: 698b0529f83fbe348b075d7b63c7b565,
        type: 3}
      propertyPath: m_LocalRotation.z
      value: -0
      objectReference: {fileID: 0}
    - target: {fileID: 5371465140838105027, guid: 698b0529f83fbe348b075d7b63c7b565,
        type: 3}
      propertyPath: m_LocalRotation.w
      value: 1
      objectReference: {fileID: 0}
    - target: {fileID: 5371465140838105027, guid: 698b0529f83fbe348b075d7b63c7b565,
        type: 3}
      propertyPath: m_RootOrder
      value: 0
      objectReference: {fileID: 0}
    - target: {fileID: 5371465140838105027, guid: 698b0529f83fbe348b075d7b63c7b565,
        type: 3}
      propertyPath: m_LocalEulerAnglesHint.x
      value: 0
      objectReference: {fileID: 0}
    - target: {fileID: 5371465140838105027, guid: 698b0529f83fbe348b075d7b63c7b565,
        type: 3}
      propertyPath: m_LocalEulerAnglesHint.y
      value: 0
      objectReference: {fileID: 0}
    - target: {fileID: 5371465140838105027, guid: 698b0529f83fbe348b075d7b63c7b565,
        type: 3}
      propertyPath: m_LocalEulerAnglesHint.z
      value: 0
      objectReference: {fileID: 0}
    - target: {fileID: 2459045041373051861, guid: 698b0529f83fbe348b075d7b63c7b565,
        type: 3}
      propertyPath: events.Array.data[0].events.m_PersistentCalls.m_Calls.Array.data[0].m_Target
      value: 
      objectReference: {fileID: 0}
    - target: {fileID: 2459045041373051861, guid: 698b0529f83fbe348b075d7b63c7b565,
        type: 3}
      propertyPath: events.Array.data[0].events.m_PersistentCalls.m_Calls.Array.data[1].m_Target
      value: 
      objectReference: {fileID: 0}
    m_RemovedComponents: []
  m_SourcePrefab: {fileID: 100100000, guid: 698b0529f83fbe348b075d7b63c7b565, type: 3}
--- !u!4 &8355012102044450197 stripped
Transform:
  m_CorrespondingSourceObject: {fileID: 5371465140838105027, guid: 698b0529f83fbe348b075d7b63c7b565,
    type: 3}
  m_PrefabInstance: {fileID: 4141535032944525910}
  m_PrefabAsset: {fileID: 0}
--- !u!1001 &5636086520889961557
PrefabInstance:
  m_ObjectHideFlags: 0
  serializedVersion: 2
  m_Modification:
    m_TransformParent: {fileID: 8355012100686142118}
    m_Modifications:
    - target: {fileID: 616179602169667471, guid: 89f0367b740298a4f83b9f6e9e7fe082,
        type: 3}
      propertyPath: m_Name
      value: Sobrevivente Policial
      objectReference: {fileID: 0}
    - target: {fileID: 8858074492884999441, guid: 89f0367b740298a4f83b9f6e9e7fe082,
        type: 3}
      propertyPath: m_LocalPosition.x
      value: -51.42
      objectReference: {fileID: 0}
    - target: {fileID: 8858074492884999441, guid: 89f0367b740298a4f83b9f6e9e7fe082,
        type: 3}
      propertyPath: m_LocalPosition.y
      value: 0.54
      objectReference: {fileID: 0}
    - target: {fileID: 8858074492884999441, guid: 89f0367b740298a4f83b9f6e9e7fe082,
        type: 3}
      propertyPath: m_LocalPosition.z
      value: 80.63
      objectReference: {fileID: 0}
    - target: {fileID: 8858074492884999441, guid: 89f0367b740298a4f83b9f6e9e7fe082,
        type: 3}
      propertyPath: m_LocalRotation.x
      value: -0
      objectReference: {fileID: 0}
    - target: {fileID: 8858074492884999441, guid: 89f0367b740298a4f83b9f6e9e7fe082,
        type: 3}
      propertyPath: m_LocalRotation.y
      value: -0
      objectReference: {fileID: 0}
    - target: {fileID: 8858074492884999441, guid: 89f0367b740298a4f83b9f6e9e7fe082,
        type: 3}
      propertyPath: m_LocalRotation.z
      value: -0
      objectReference: {fileID: 0}
    - target: {fileID: 8858074492884999441, guid: 89f0367b740298a4f83b9f6e9e7fe082,
        type: 3}
      propertyPath: m_LocalRotation.w
      value: 1
      objectReference: {fileID: 0}
    - target: {fileID: 8858074492884999441, guid: 89f0367b740298a4f83b9f6e9e7fe082,
        type: 3}
      propertyPath: m_RootOrder
      value: 2
      objectReference: {fileID: 0}
    - target: {fileID: 8858074492884999441, guid: 89f0367b740298a4f83b9f6e9e7fe082,
        type: 3}
      propertyPath: m_LocalEulerAnglesHint.x
      value: 0
      objectReference: {fileID: 0}
    - target: {fileID: 8858074492884999441, guid: 89f0367b740298a4f83b9f6e9e7fe082,
        type: 3}
      propertyPath: m_LocalEulerAnglesHint.y
      value: 0
      objectReference: {fileID: 0}
    - target: {fileID: 8858074492884999441, guid: 89f0367b740298a4f83b9f6e9e7fe082,
        type: 3}
      propertyPath: m_LocalEulerAnglesHint.z
      value: 0
      objectReference: {fileID: 0}
    - target: {fileID: 7890224901405152047, guid: 89f0367b740298a4f83b9f6e9e7fe082,
        type: 3}
      propertyPath: eventos.m_PersistentCalls.m_Calls.Array.data[2].m_Target
      value: 
      objectReference: {fileID: 0}
    m_RemovedComponents: []
  m_SourcePrefab: {fileID: 100100000, guid: 89f0367b740298a4f83b9f6e9e7fe082, type: 3}
--- !u!4 &3808168443897229636 stripped
Transform:
  m_CorrespondingSourceObject: {fileID: 8858074492884999441, guid: 89f0367b740298a4f83b9f6e9e7fe082,
    type: 3}
  m_PrefabInstance: {fileID: 5636086520889961557}
  m_PrefabAsset: {fileID: 0}
